


@misc{Colorado_marijuana_sales, 
	title={Marijuana Sales Reports}, 
	url={https://www.colorado.gov/pacific/revenue/colorado-marijuana-sales-reports}, 
	journal={Marijuana Sales Reports | Department of Revenue}}

@misc{webmd_mj, title={How Does Marijuana Affect You?}, url={https://www.webmd.com/mental-health/marijuana-use-and-its-effects#3}, journal={WebMD}, publisher={WebMD}}

@misc{BRFSS_homepage, title={Behavioral Risk Factor Surveillance System}, url={https://www.cdc.gov/brfss/data_documentation/index.htm}, journal={Centers for Disease Control and Prevention}, publisher={Centers for Disease Control and Prevention}, year={2018}, month={Aug}}

@article{baggio_chong_kwon_2018, title={Marijuana and Alcohol Evidence Using Border Analysis and Retail Sales Data }, url={https://papers.ssrn.com/sol3/papers.cfm?abstract_id=3063288}, author={Baggio, Michele and Chong, Alberto and Kwon, Sungoh}, year={2018}, month={Aug}}


@article{miller_seo_2018, title={Tax Revenues When Substances Substitute: Marijuana, Alcohol, and Tobacco}, url={https://papers.ssrn.com/sol3/papers.cfm?abstract_id=3148773}, journal={Kelley School of Business Research Paper No. 18-27}, author={Miller, Keaton and Seo, Boyoung}, year={2018}, month={Mar}}