


@misc{Colorado_marijuana_sales, 
	title={Marijuana Sales Reports}, 
	url={https://www.colorado.gov/pacific/revenue/colorado-marijuana-sales-reports}, 
	journal={Marijuana Sales Reports | Department of Revenue}}

@misc{webmd_mj, title={How Does Marijuana Affect You?}, url={https://www.webmd.com/mental-health/marijuana-use-and-its-effects#3}, journal={WebMD}, publisher={WebMD}}

@misc{BRFSS_homepage, title={Behavioral Risk Factor Surveillance System}, url={https://www.cdc.gov/brfss/data_documentation/index.htm}, journal={Centers for Disease Control and Prevention}, publisher={Centers for Disease Control and Prevention}, year={2018}, month={Aug}}

@article{baggio_chong_kwon_2018, title={Marijuana and Alcohol Evidence Using Border Analysis and Retail Sales Data }, url={https://papers.ssrn.com/sol3/papers.cfm?abstract_id=3063288}, author={Baggio, Michele and Chong, Alberto and Kwon, Sungoh}, year={2018}, month={Aug}}


@article{miller_seo_2018, title={Tax Revenues When Substances Substitute: Marijuana, Alcohol, and Tobacco}, url={https://papers.ssrn.com/sol3/papers.cfm?abstract_id=3148773}, journal={Kelley School of Business Research Paper No. 18-27}, author={Miller, Keaton and Seo, Boyoung}, year={2018}, month={Mar}}

@misc{tamu, title={Texas A\&M Geocoder - Free online geocoding}, url={http://geoservices.tamu.edu/Services/Geocode/}, journal={TAMU GeoServices}}

@misc{branch_2018, title={Cartographic Boundary Shapefiles - Counties}, url={https://www.census.gov/geo/maps-data/data/cbf/cbf_counties.html}, journal={Census Bureau QuickFacts}, publisher={United States Census Bureau}, author={Branch, Geographic Products}, year={2018}, month={Apr}}

@article{Mcdon_moffit,
	ISSN = {00346535, 15309142},
	URL = {http://www.jstor.org/stable/1924766},
	author = {John F. McDonald and Robert A. Moffitt},
	journal = {The Review of Economics and Statistics},
	number = {2},
	pages = {318--321},
	publisher = {The MIT Press},
	title = {The Uses of Tobit Analysis},
	volume = {62},
	year = {1980}
}


